@Article{pdfs,
author="Ball, Richard D.
and Bertone, Valerio
and Carrazza, Stefano
and Deans, Christopher S.
and Del Debbio, Luigi
and Forte, Stefano
and Guffanti, Alberto
and Hartland, Nathan P.
and Latorre, Jos{\'e} I.
and Rojo, Juan
and Ubiali, Maria",
title="Parton distributions for the LHC run II",
journal="Journal of High Energy Physics",
year="2015",
month="Apr",
day="08",
volume="2015",
number="4",
pages="40"
}

@article{altarelli_parisi,
title = "Asymptotic freedom in parton language",
journal = "Nuclear Physics B",
volume = "126",
number = "2",
pages = "298 - 318",
year = "1977",
issn = "0550-3213",
doi = "https://doi.org/10.1016/0550-3213(77)90384-4",
url = "http://www.sciencedirect.com/science/article/pii/0550321377903844",
author = "G. Altarelli and G. Parisi"
}

@article{gribov,
      author        = "Gribov, Vladimir Naumovich and Lipatov, L N",
      title         = "{Deep inelastic ep scattering in perturbation theory}",
      journal       = "Sov. J. Nucl. Phys.",
      number        = "4",
      volume        = "15",
      pages         = "438-450",
      year          = "1972",
      url           = "https://cds.cern.ch/record/427157",
}

@article{dokshitzer,
      author         = "Dokshitzer, Yuri L.",
      title          = "{Calculation of the Structure Functions for Deep
                        Inelastic Scattering and e+ e- Annihilation by
                        Perturbation Theory in Quantum Chromodynamics.}",
      journal        = "Sov. Phys. JETP",
      volume         = "46",
      year           = "1977",
      pages          = "641-653",
      note           = "[Zh. Eksp. Teor. Fiz.73,1216(1977)]",
      SLACcitation   = "%%CITATION = SPHJA,46,641;%%"
}

@article{hera,
      author         = "Abramowicz, H. and others",
      title          = "{Combination of measurements of inclusive deep inelastic
                        ${e^{\pm }p}$ scattering cross sections and QCD analysis
                        of HERA data}",
      collaboration  = "ZEUS, H1",
      journal        = "Eur. Phys. J.",
      volume         = "C75",
      year           = "2015",
      number         = "12",
      pages          = "580",
      doi            = "10.1140/epjc/s10052-015-3710-4",
      eprint         = "1506.06042",
      archivePrefix  = "arXiv",
      primaryClass   = "hep-ex",
      reportNumber   = "DESY-15-039",
      SLACcitation   = "%%CITATION = ARXIV:1506.06042;%%"

@techreport{cms_atlas_hgg_comb,
      title         = "{Measurements of the Higgs boson production and decay
                       rates and constraints on its couplings from a combined
                       ATLAS and CMS analysis of the LHC pp collision data at
                       $\sqrt{s}$ = 7 and 8 TeV}",
      institution   = "CERN",
      address       = "Geneva",
      number        = "CMS-PAS-HIG-15-002. ATLAS-CONF-2015-044",
      year          = "2015",
      reportNumber  = "CMS-PAS-HIG-15-002",
      url           = "https://cds.cern.ch/record/2053103",
}

@incollection{landau,
title = "65 - \{ON\} \{THE\} \{ANGULAR\} \{MOMENTUM\} \{OF\} A \{SYSTEM\} \{OF\} \{TWO\} \{PHOTONS\} ",
editor = "HAAR, D. TER ",
booktitle = "Collected Papers of L.D. Landau ",
publisher = "Pergamon",
edition = "",
address = "",
year = "1965",
pages = "471 - 473",
isbn = "978-0-08-010586-4",
doi = "https://doi.org/10.1016/B978-0-08-010586-4.50070-5",
url = "https://www.sciencedirect.com/science/article/pii/B9780080105864500705",
key = "tagkey1965471"
}

@article{yang,
  title = {Selection Rules for the Dematerialization of a Particle into Two Photons},
  author = {Yang, C. N.},
  journal = {Phys. Rev.},
  volume = {77},
  issue = {2},
  pages = {242--245},
  numpages = {0},
  year = {1950},
  month = {Jan},
  publisher = {American Physical Society},
  doi = {10.1103/PhysRev.77.242},
  url = {https://link.aps.org/doi/10.1103/PhysRev.77.242}
}

@article{cms_sketch,
  author={Tai Sakuma and Thomas McCauley},
  title={Detector and Event Visualization with SketchUp at the CMS Experiment},
  journal={Journal of Physics: Conference Series},
  volume={513},
  number={2},
  pages={022032},
  url={http://stacks.iop.org/1742-6596/513/i=2/a=022032},
  year={2014},
  abstract={We have created 3D models of the CMS detector and particle collision events in SketchUp, a 3D modelling program. SketchUp provides a Ruby API which we use to interface with the CMS Detector Description to create 3D models of the CMS detector. With the Ruby API, we also have created an interface to the JSON-based event format used for the iSpy event display to create 3D models of CMS events. These models have many applications related to 3D representation of the CMS detector and events. Figures produced based on these models were used in conference presentations, journal publications, technical design reports for the detector upgrades, art projects, outreach programs, and other presentations.}
}

@article{PF,
  author={CMS Collaboration},
  title={Particle-flow reconstruction and global event description with the CMS detector},
  journal={Journal of Instrumentation},
  volume={12},
  number={10},
  pages={P10003},
  url={http://stacks.iop.org/1748-0221/12/i=10/a=P10003},
  year={2017},
}

@article{PDG,
  author={C. Patrignani and Particle Data Group},
  title={Review of Particle Physics},
  journal={Chinese Physics C},
  volume={40},
  number={10},
  pages={100001},
  url={http://stacks.iop.org/1674-1137/40/i=10/a=100001},
  year={2016}
}

@techreport{Multifit,
      author        = "Di Marco, Emanuele",
      title         = "{CMS electromagnetic calorimeter calibration and timing 
                       performance during LHC Run I and future prospects}",
      institution   = "CERN",
      collaboration = "CMS Collaboration",
      address       = "Geneva",
      number        = "CMS-CR-2014-410",
      month         = "Nov",
      year          = "2014",
      reportNumber  = "CMS-CR-2014-410",
      url           = "http://cds.cern.ch/record/1975982",
}

@article{laser_and_phisym,
      title         = "{ECAL Laser monitoring till end of 2016 and ECAL
                       phi-symmetry}",
      collaboration = "CMS Collaboration",
      month         = "Feb",
      year          = "2017",
      reportNumber  = "CMS-DP-2017-003",
      url           = "https://cds.cern.ch/record/2252725",
}

@article{timing_runI,
      title         = "{ECAL Timing Performance}",
      collaboration = "CMS Collaboration",
      month         = "Apr",
      year          = "2014",
      reportNumber  = "CMS-DP-2014-011",
      url           = "https://cds.cern.ch/record/1704542",
}

@article{delRe_time_ecal,
      author        = "del Re, Daniele",
      title         = "{Timing performance of the CMS ECAL and prospects for the
                       future}",
      journal       = "J. Phys.: Conf. Ser.",
      number        = "1",
      volume        = "587",
      pages         = "012003. 6 p",
      year          = "2015",
      url           = "https://cds.cern.ch/record/2158942",
}

@article{ecal_time_reco,
  author={CMS Collaboration},
  title={Time reconstruction and performance of the CMS electromagnetic calorimeter},
  journal={Journal of Instrumentation},
  volume={5},
  number={03},
  pages={T03011},
  url={http://stacks.iop.org/1748-0221/5/i=03/a=T03011},
  year={2010}
}

@article{cms_trk,
  author={The CMS Collaboration},
  title={Description and performance of track and primary-vertex reconstruction with the CMS tracker},
  journal={Journal of Instrumentation},
  volume={9},
  number={10},
  pages={P10009},
  url={http://stacks.iop.org/1748-0221/9/i=10/a=P10009},
  year={2014}
}

@unpublished{cms_ecal,
      author        = "Collaboration, CMS",
      title         = "{ECAL Technical Design Report (TDR) Figures from Chapter
                       1}",
      month         = "Dec",
      year          = "1997",
      reportNumber  = "CMS-PHO-ECAL-1997-002",
      url           = "http://cds.cern.ch/record/1327662",
      note          = "CMS Collection.",
}

@article{cms_muons,
      author         = "Kim, Min Suk",
      title          = "{CMS reconstruction improvement for the muon tracking by
                        the RPC chambers}",
      booktitle      = "{Proceedings, 11th Workshop on Resistive Plate Chambers
                        and Related Detectors (RPC2012): Frascati, Rome, Italy,
                        February 5-10,2012}",
      collaboration  = "CMS",
      journal        = "PoS",
      volume         = "RPC2012",
      year           = "2012",
      pages          = "045",
      doi            = "10.1088/1748-0221/8/03/T03001",
      note           = "[JINST8,T03001(2013)]",
      eprint         = "1209.2646",
      archivePrefix  = "arXiv",
      primaryClass   = "physics.ins-det",
      SLACcitation   = "%%CITATION = ARXIV:1209.2646;%%"
}

@article{ecal_dpg_2015,
      title         = "{2015 ECAL detector performance plots}",
      collaboration = "CMS Collaboration",
      month         = "Dec",
      year          = "2015",
      reportNumber  = "CMS-DP-2015-057",
      url           = "https://cds.cern.ch/record/2114735",
}

@article{ecal_2012,
      title         = "{2012 ECAL detector performance plots}",
      collaboration = "CMS Collaboration",
      month         = "Mar",
      year          = "2013",
      reportNumber  = "CMS-DP-2013-007",
      url           = "http://cds.cern.ch/record/1528235",
}

@article{run1_egamma,
  author={},
  title={Performance of photon reconstruction and identification with the CMS detector in proton-proton collisions at √ s = 8 TeV},
  journal={Journal of Instrumentation},
  volume={10},
  number={08},
  pages={P08010},
  url={http://stacks.iop.org/1748-0221/10/i=08/a=P08010},
  year={2015}
}

@article{Cowan:2010js,
      author         = "Cowan, Glen and Cranmer, Kyle and Gross, Eilam and
                        Vitells, Ofer",
      title          = "{Asymptotic formulae for likelihood-based tests of new
                        physics}",
      journal        = "Eur.Phys.J.",
      volume         = "C71",
      pages          = "1554",
      doi            = "10.1140/epjc/s10052-011-1554-0,
                        10.1140/epjc/s10052-013-2501-z",
      year           = "2011",
      eprint         = "1007.1727",
      archivePrefix  = "arXiv",
      primaryClass   = "physics.data-an",
      SLACcitation   = "%%CITATION = ARXIV:1007.1727;%%",
}

@techreport{trk_phase2_tdr,
      author        = "Klein, K",
      title         = "{The Phase-2 Upgrade of the CMS Tracker}",
      institution   = "CERN",
      address       = "Geneva",
      number        = "CERN-LHCC-2017-009. CMS-TDR-014",
      month         = "Jun",
      year          = "2017",
      reportNumber  = "CERN-LHCC-2017-009",
      url           = "https://cds.cern.ch/record/2272264",
}

@techreport{muon_phase2_tdr,
      author        = "Lourenco, Carlos",
      title         = "{The Phase-2 Upgrade of the CMS Muon Detectors}",
      institution   = "CERN",
      address       = "Geneva",
      number        = "CERN-LHCC-2017-012. CMS-TDR-016",
      month         = "Sep",
      year          = "2017",
      reportNumber  = "CERN-LHCC-2017-012",
      url           = "https://cds.cern.ch/record/2283189",
      note          = "This is a dummy submission, just to get the LHCC reference
                       number.",
}

@article{alice_tof,
itle = "Particle identification with the ALICE Time-Of-Flight detector at the LHC",
journal = "Nuclear Instruments and Methods in Physics Research Section A: Accelerators, Spectrometers, Detectors and Associated Equipment",
volume = "766",
number = "Supplement C",
pages = "288 - 291",
year = "2014",
note = "RICH2013 Proceedings of the Eighth International Workshop on Ring Imaging Cherenkov Detectors Shonan, Kanagawa, Japan, December 2-6, 2013",
issn = "0168-9002",
doi = "https://doi.org/10.1016/j.nima.2014.05.059",
url = "http://www.sciencedirect.com/science/article/pii/S0168900214005993",
author = "A. Alici",
keywords = "ALICE, Time-Of-Flight, MRPC"
}

@article{lhcb_torch,
      author        = "Fohl, Klaus",
      title         = "{TORCH — an Innovative High-Precision Time-of-Flight PID
                       Detector for the LHCb Upgrade}",
      number        = "LHCb-PROC-2015-001. CERN-LHCb-PROC-2015-001",
      pages         = "7431227. 5 p",
      month         = "Jan",
      year          = "2015",
      reportNumber  = "LHCb-PROC-2015-001",
      url           = "https://cds.cern.ch/record/1981563",
}

@article{hgcal_time_tb,
      author         = "Akchurin, N. and others",
      title          = "{On the timing performance of thin planar silicon
                        sensors}",
      journal        = "Nucl. Instrum. Meth.",
      volume         = "A859",
      year           = "2017",
      pages          = "31-36",
      doi            = "10.1016/j.nima.2017.03.065",
      SLACcitation   = "%%CITATION = NUIMA,A859,31;%%"
}

@techreport{cms_upgrade_scope,
      author        = "Butler, J and Contardo, D and Klute, M and Mans, J and
                       Silvestris, L and on behalf of the CMS, Collaboration",
      title         = "{CMS Phase II Upgrade Scope Document}",
      institution   = "CERN",
      collaboration = "CMS Collaboration",
      address       = "Geneva",
      number        = "CERN-LHCC-2015-019. LHCC-G-165",
      month         = "Sep",
      year          = "2015",
      reportNumber  = "CERN-LHCC-2015-019",
      url           = "https://cds.cern.ch/record/2055167",
}

@techreport{cms_upgrade_tp,
      author        = "Contardo, D and Klute, M and Mans, J and Silvestris, L and
                       Butler, J",
      title         = "{Technical Proposal for the Phase-II Upgrade of the CMS
                       Detector}",
      address       = "Geneva",
      number        = "CERN-LHCC-2015-010. LHCC-P-008. CMS-TDR-15-02",
      month         = "Jun",
      year          = "2015",
      reportNumber  = "CERN-LHCC-2015-010",
      url           = "https://cds.cern.ch/record/2020886",
      note          = "Upgrade Project Leader Deputies: Lucia Silvestris
                       (INFN-Bari), Jeremy Mans (University of Minnesota)
                       Additional contacts: Lucia.Silvestris@cern.ch,
                       Jeremy.Mans@cern.ch",
}

@article{lgad1,
title = "Technology developments and first measurements of Low Gain Avalanche Detectors (LGAD) for high energy physics applications",
journal = "Nuclear Instruments and Methods in Physics Research Section A: Accelerators, Spectrometers, Detectors and Associated Equipment",
volume = "765",
number = "Supplement C",
pages = "12 - 16",
year = "2014",
note = "HSTD-9 2013 - Proceedings of the 9th International "Hiroshima" Symposium on Development and Application of Semiconductor Tracking Detectors",
issn = "0168-9002",
doi = "https://doi.org/10.1016/j.nima.2014.06.008",
url = "http://www.sciencedirect.com/science/article/pii/S0168900214007128",
author = "G. Pellegrini and P. Fernández-Martínez and M. Baselga and C. Fleta and D. Flores and V Greco and S. Hidalgo and I. Mandić and G. Kramberger and D. Quirion and M. Ullan",
keywords = "Silicon detectors, Avalanche multiplication, Radiation hardness"
}

@article{lgad2,
title = "Design optimization of ultra-fast silicon detectors",
journal = "Nuclear Instruments and Methods in Physics Research Section A: Accelerators, Spectrometers, Detectors and Associated Equipment",
volume = "796",
number = "Supplement C",
pages = "141 - 148",
year = "2015",
note = "Proceedings of the 10th International Conference on Radiation Effects on Semiconductor Materials Detectors and Devices",
issn = "0168-9002",
doi = "https://doi.org/10.1016/j.nima.2015.04.025",
url = "http://www.sciencedirect.com/science/article/pii/S0168900215004982",
author = "N. Cartiglia and R. Arcidiacono and M. Baselga and R. Bellan and M. Boscardin and F. Cenna and G.F. Dalla Betta and P. Fernndez-Martnez and M. Ferrero and D. Flores and Z. Galloway and V. Greco and S. Hidalgo and F. Marchetto and V. Monaco and M. Obertino and L. Pancheri and G. Paternoster and A. Picerno and G. Pellegrini and D. Quirion and F. Ravera and R. Sacchi and H.F.-W. Sadrozinski and A. Seiden and A. Solano and N. Spencer",
keywords = "Silicon, Fast detector, Low gain, APD, Charge multiplication"
}

@article{Chatrchyan:2014fea,
      author         = "Chatrchyan, Serguei and others",
      title          = "{Description and performance of track and primary-vertex
                        reconstruction with the CMS tracker}",
      collaboration  = "CMS",
      journal        = "JINST",
      volume         = "9",
      year           = "2014",
      pages          = "P10009",
      doi            = "10.1088/1748-0221/9/10/P10009",
      eprint         = "1405.6569",
      archivePrefix  = "arXiv",
      primaryClass   = "physics.ins-det",
      reportNumber   = "CMS-TRK-11-001, CERN-PH-EP-2014-070"
}

@article{Khachatryan:2014ira,
      title          = "{Observation of the diphoton decay of the Higgs boson and
                        measurement of its properties}",
      collaboration  = "CMS",
      journal        = "Eur. Phys. J. C",
      volume         = "74",
      pages          = "3076",
      doi            = "10.1140/epjc/s10052-014-3076-z",
      year           = "2014",
      eprint         = "1407.0558",
      archivePrefix  = "arXiv",
      primaryClass   = "hep-ex",
      reportNumber   = "CMS-HIG-13-001, CERN-PH-EP-2014-117",
      SLACcitation   = "%%CITATION = ARXIV:1407.0558;%%"
}
